<record><leader>00000cas a22000007a 4500</leader><controlfield tag="001">17766686</controlfield><controlfield tag="008">880411d19191922ohuwr ne      0    0eng d</controlfield><datafield ind1=" " ind2=" " tag="010"><subfield code="a">sn 88078427 </subfield></datafield><datafield ind1=" " ind2=" " tag="040"><subfield code="a">ONP</subfield><subfield code="b">eng</subfield><subfield code="c">ONP</subfield><subfield code="d">NYS</subfield><subfield code="d">OCLCQ</subfield></datafield><datafield ind1=" " ind2=" " tag="042"><subfield code="a">msc</subfield></datafield><datafield ind1="0" ind2="4" tag="245"><subfield code="a">The Akron herald.</subfield></datafield><datafield ind1=" " ind2=" " tag="260"><subfield code="a">Akron, Ohio :</subfield><subfield code="b">People Pub. Co.</subfield></datafield><datafield ind1=" " ind2=" " tag="310"><subfield code="a">Weekly</subfield></datafield><datafield ind1="1" ind2=" " tag="362"><subfield code="a">Began with Apr. 4, 1919 issue; ceased in 1922.</subfield></datafield><datafield ind1=" " ind2=" " tag="588"><subfield code="a">Description based on: Vol. 18, no. 26 (Apr. 11, 1919).</subfield></datafield><datafield ind1=" " ind2="4" tag="651"><subfield code="a">Akron (Ohio)</subfield><subfield code="v">Newspapers.</subfield></datafield><datafield ind1=" " ind2=" " tag="752"><subfield code="a">United States</subfield><subfield code="b">Ohio</subfield><subfield code="c">Summit</subfield><subfield code="d">Akron.</subfield></datafield><datafield ind1="0" ind2="0" tag="780"><subfield code="t">People (Akron, Ohio)</subfield><subfield code="w">(DLC)sn 84028134</subfield></datafield><datafield ind1="1" ind2=" " tag="029"><subfield code="a">AU@</subfield><subfield code="b">000020504537</subfield></datafield></record>